@article{Han2007,
author = {Jiawei Han and Hong Cheng and Dong Xin and Xifeng Yan},
title = {{Frequent pattern mining: current status and future directions}},
journal = {Data Mining and Knowledge Discovery},
volume = {15},
year = {2007},
pages = {55--86},
issue = {1},
doi = {10.1007/s10618-006-0059-1},
masid = {4375444}
}

@misc{fimiDatasetRepo,
author = {Bart Goethals},
title = {Frequent Itemset Mining Dataset Repository},
howpublished = {\url{http://fimi.ua.ac.be/data/}}
}

@misc{wiki_arl,
author = {Wikipedia},
title = {Association rule learning},
howpublished = {\newline\url{https://en.wikipedia.org/wiki/Association_rule_learning}}
}

@misc{gharchive,
author = {Ilya Grigorik},
title = {Github Archive},
howpublished = {\url{http://www.githubarchive.org/}}
}

@misc{fpmlecture,
author = {Christian Borgelt},
title = {Frequent Pattern Mining},
howpublished = {\newline\url{http://www.borgelt.net/teach/fpm/}}
}

@MISC{Han04,
    author = {Jiawei Han and Jian Pei and Yiwen Yin and Runying Mao},
    title = { Mining Frequent Patterns without Candidate Generation: A Frequent-Pattern Tree Approach},
    year = {2004}
}

@MISC{Zaki97,
    author = {Mohammed J. Zaki and SRINIVASAN PARTHASARATHY and MITSUNORI OGIHARA and Wei Li},
    title = { Parallel Algorithms for Discovery of Association Rules},
    year = {1997}
}

@inproceedings{Agrawal94,
 author = {Agrawal, Rakesh and Srikant, Ramakrishnan},
 title = {Fast Algorithms for Mining Association Rules in Large Databases},
 booktitle = {Proceedings of the 20th International Conference on Very Large Data Bases},
 series = {VLDB '94},
 year = {1994},
 isbn = {1-55860-153-8},
 pages = {487--499},
 numpages = {13},
 url = {http://dl.acm.org/citation.cfm?id=645920.672836},
 acmid = {672836},
 publisher = {Morgan Kaufmann Publishers Inc.},
 address = {San Francisco, CA, USA},
} 